<mx:record xmlns="http://www.w3.org/TR/xhtml1/strict" xmlns:mx="http://www.loc.gov/MARC21/slim" xmlns:xsi="http://www.w3.org/2001/XMLSchema-instance"><mx:leader>00000nz   2200000n  4500</mx:leader><mx:controlfield tag="001">oca03858448 </mx:controlfield><mx:controlfield tag="005">19950616053355.4</mx:controlfield><mx:controlfield tag="008">950614n| acannaab|          |a aaa     c</mx:controlfield><mx:datafield ind1=" " ind2=" " tag="010"><mx:subfield code="a">nr 95022106 </mx:subfield></mx:datafield><mx:datafield ind1=" " ind2=" " tag="040"><mx:subfield code="a">NNC</mx:subfield><mx:subfield code="c">NNC</mx:subfield></mx:datafield><mx:datafield ind1="1" ind2=" " tag="100"><mx:subfield code="a">Marcius, Cn.,</mx:subfield><mx:subfield code="c">vates</mx:subfield></mx:datafield><mx:datafield ind1="0" ind2=" " tag="400"><mx:subfield code="a">Marcius,</mx:subfield><mx:subfield code="c">vates</mx:subfield></mx:datafield><mx:datafield ind1=" " ind2=" " tag="670"><mx:subfield code="a">His Praecepta [CF] 1991:</mx:subfield><mx:subfield code="b">PHI CD ROM #5.3, Latin Canon, bibliographic screen (Cn. Marcius vates)</mx:subfield></mx:datafield><mx:datafield ind1=" " ind2=" " tag="670"><mx:subfield code="a">Pauly-Wissowa:</mx:subfield><mx:subfield code="b">28. Halbbd., col. 1538, 1541-1542; "Marcius", #2 (Marcius; Marcius vates; under the name Marcius a collection of praecepta from 2 cent. B.C., but it is difficult to decide whether there is any connection with vates Marcius)</mx:subfield></mx:datafield><mx:datafield ind1=" " ind2=" " tag="670"><mx:subfield code="a">Oxford class. dict., 1st ed.:</mx:subfield><mx:subfield code="b">p. 537 (Marcius; eponymous author of a number of miscellaneous oracular sayings current in Rome in early days. According to Cicero, there were Marcii frates, men of noble birth who wrote prophecies; according to Livy, there was only one, vates Marcius. Of an ancient collection of praecepta under the name Marcius three Saturnian quotations survive; connection with Marcius vates uncertain).</mx:subfield></mx:datafield><mx:datafield ind1=" " ind2=" " tag="675"><mx:subfield code="a">NUC pre-56.</mx:subfield></mx:datafield><mx:datafield ind1=" " ind2=" " tag="999"><mx:subfield code="a">1.4142</mx:subfield></mx:datafield></mx:record>